@article{ref1,
  title={Latent topic text representation learning on statistical manifolds},
  author={Jiang, Bingbing and Li, Zhengyu and Chen, Huanhuan and Cohn, Anthony G},
  journal={IEEE transactions on neural networks and learning systems},
  volume={29},
  number={11},
  pages={5643--5654},
  year={2018},
  publisher={IEEE}
}

@article{ref2,
  title={Efficient estimation of word representations in vector space},
  author={Mikolov, Tomas and Chen, Kai and Corrado, Greg and Dean, Jeffrey},
  journal={arXiv preprint arXiv:1301.3781},
  year={2013}
}

@inproceedings{ref3,
  title={Distributed representations of sentences and documents},
  author={Le, Quoc and Mikolov, Tomas},
  booktitle={International conference on machine learning},
  pages={1188--1196},
  year={2014}
}

@article{ref4,
title = "Multi-co-training for document classification using various document representations: TFâ€“IDF, LDA, and Doc2Vec",
journal = "Information Sciences",
volume = "477",
pages = "15 - 29",
year = "2019",
issn = "0020-0255",
doi = "https://doi.org/10.1016/j.ins.2018.10.006",
url = "http://www.sciencedirect.com/science/article/pii/S0020025518308028",
author = "Donghwa Kim and Deokseong Seo and Suhyoun Cho and Pilsung Kang",

}

@article{ref5,
  title={Latent dirichlet allocation},
  author={Blei, David M and Ng, Andrew Y and Jordan, Michael I},
  journal={Journal of machine Learning research},
  volume={3},
  number={Jan},
  pages={993--1022},
  year={2003}
}

@inproceedings{ref6,
  title={Topical word embeddings},
  author={Liu, Yang and Liu, Zhiyuan and Chua, Tat-Seng and Sun, Maosong},
  booktitle={Twenty-Ninth AAAI Conference on Artificial Intelligence},
  year={2015}
}


@inproceedings{ref7,
  title={Beyond click graph: Topic modeling for search engine query log analysis},
  author={Jiang, Di and Leung, Kenneth Wai-Ting and Ng, Wilfred and Li, Hao},
  booktitle={International Conference on Database Systems for Advanced Applications},
  pages={209--223},
  year={2013},
  organization={Springer}
}


@misc{ref8,
  title={Distributed Representations//Parallel Distributed Processing: Explorations in the Microstructure of Cognition. Volume I. Foundations/Ed. by DE Rumelhart \& JL McClelland--Cambridge},
  author={Hinton, GE},
  year={1986},
  publisher={MIT Press}
}


@article{ref9,
  title={A neural probabilistic language model},
  author={Bengio, Yoshua and Ducharme, R{\'e}jean and Vincent, Pascal and Jauvin, Christian},
  journal={Journal of machine learning research},
  volume={3},
  number={Feb},
  pages={1137--1155},
  year={2003}
}

@inproceedings{ref10,
  title={Recurrent neural network based language model},
  author={Mikolov, Tom{\'a}{\v{s}} and Karafi{\'a}t, Martin and Burget, Luk{\'a}{\v{s}} and {\v{C}}ernock{\`y}, Jan and Khudanpur, Sanjeev},
  booktitle={Eleventh annual conference of the international speech communication association},
  year={2010}
}

@inproceedings{ref11,
  title={Glove: Global vectors for word representation},
  author={Pennington, Jeffrey and Socher, Richard and Manning, Christopher},
  booktitle={Proceedings of the 2014 conference on empirical methods in natural language processing (EMNLP)},
  pages={1532--1543},
  year={2014}
}

@inproceedings{ref12,
  title={Topical Paragraph Vector Learning},
  author={Wang, Qinlong and Liu, Ruifang and Li, Hongqiao and Guo, Wenbin},
  booktitle={2015 11th International Conference on Natural Computation (ICNC)},
  pages={182--187},
  year={2015},
  organization={IEEE}
}

@article{ref13,
  title={Contextual lstm (clstm) models for large scale nlp tasks},
  author={Ghosh, Shalini and Vinyals, Oriol and Strope, Brian and Roy, Scott and Dean, Tom and Heck, Larry},
  journal={arXiv preprint arXiv:1602.06291},
  year={2016}
}

@inproceedings{ref14,
  title={Context dependent recurrent neural network language model},
  author={Mikolov, Tomas and Zweig, Geoffrey},
  booktitle={2012 IEEE Spoken Language Technology Workshop (SLT)},
  pages={234--239},
  year={2012},
  organization={IEEE}
}

@article{ref15,
  title={Improving topic models with latent feature word representations},
  author={Nguyen, Dat Quoc and Billingsley, Richard and Du, Lan and Johnson, Mark},
  journal={Transactions of the Association for Computational Linguistics},
  volume={3},
  pages={299--313},
  year={2015},
  publisher={MIT Press}
}

@inproceedings{ref16,
  title={A hybrid document feature extraction method using latent Dirichlet allocation and word2vec},
  author={Wang, Zhibo and Ma, Long and Zhang, Yanqing},
  booktitle={2016 IEEE First International Conference on Data Science in Cyberspace (DSC)},
  pages={98--103},
  year={2016},
  organization={IEEE}
}


@article{ref17,
  title={Probabilistic topic models},
  author={Blei, David M},
  journal={Communications of the ACM},
  volume={55},
  number={4},
  pages={77--84},
  year={2012},
  publisher={ACM New York, NY, USA}
}

@article{ref18,
  title={TTC-3600: A new benchmark dataset for Turkish text categorization},
  author={K{\i}l{\i}n{\c{c}}, Deniz and {\"O}z{\c{c}}ift, Ak{\i}n and Bozyigit, Fatma and Y{\i}ld{\i}r{\i}m, Pelin and Y{\"u}calar, Fatih and Borandag, Emin},
  journal={Journal of Information Science},
  volume={43},
  number={2},
  pages={174--185},
  year={2017},
  publisher={SAGE Publications Sage UK: London, England}
}

@article{ref19,
  title={Evaluation datasets for Twitter sentiment analysis: a survey and a new dataset, the STS-Gold},
  author={Saif, Hassan and Fernandez, Miriam and He, Yulan and Alani, Harith},
  year={2013}
}

@inproceedings{ref20,
  title={Software framework for topic modelling with large corpora},
  author={Rehurek, Radim and Sojka, Petr},
  booktitle={In Proceedings of the LREC 2010 Workshop on New Challenges for NLP Frameworks},
  year={2010},
  organization={Citeseer}
}


@ARTICLE{SubeljBajec2011a,
  author  = {\v{S}ubelj, L. and Bajec, M.},
  title   = {Robust network community detection using balanced propagation},
  journal = {Eur. Phys. J. B.}, 
  volume  = {81},
  year    = {2011},
  pages   = {353-362}
}

@ARTICLE{Louetal2013,
  author  = {Lou, H. and Li, S. and Zhao, Y.},
  title   = {Detecting community structure using label propagation with weighted coherent neighborhood propinquity},
  journal = {Physica A.}, 
  volume  = {392},
  year    = {2013},
  pages   = {3095-3105}
}

@ARTICLE{Clausetetal2004,
  author  = {Clauset, A. and Newman, M. E. J. and Moore, C.},
  title   = {Finding community structure in very large networks},
  journal = {Phys. Rev. E.}, 
  volume  = {70},
  year    = {2004},
  pages   = {066111}
}

@ARTICLE{Blondeletal2008,
  author  = {Blondel, V. D. and Guillaume, J. L. and Lambiotte, R. and Lefebvre, E.},
  title   = {Fast unfolding of communities in large networks},
  journal = {J. Stat. Mech.-Theory Exp.}, 
  volume  = {2008},
  year    = {2008},
  pages   = {P10008}
}

@ARTICLE{SobolevskyCampari2014,
  author  = {Sobolevsky, S. and Campari, R.},
  title   = {General optimization technique for high-quality community detection in complex networks},
  journal = {Phys. Rev. E.}, 
  volume  = {90},
  year    = {2014},
  pages   = {012811}
}

@ARTICLE{FortunatoBarthelemy2007,
  author  = {Fortunato, S. and Barthelemy, M.},
  title   = {Resolution limit in community detection},
  journal = {Proc. Natl. Acad. Sci. U. S. A.}, 
  volume  = {104},
  year    = {2007},
  pages   = {36-41}
}

@ARTICLE{SubeljBajec2011b,
  author  = {\v{S}ubelj, L. and Bajec, M.},
  title   = {Unfolding communities in large complex networks: Combining defensive and offensive label propagation for core extraction},
  journal = {Phys. Rev. E.}, 
  volume  = {83},
  year    = {2011},
  pages   = {036103}
}

@ARTICLE{WangLi2013,
  author  = {Wang, X. and Li, J.},
  title   = {Detecting communities by the core-vertex and intimate degree in complex networks},
  journal = {Physica A.}, 
  volume  = {392},
  year    = {2013},
  pages   = {2555-2563}
}

@ARTICLE{Lietal2013,
  author  = {Li, J. and Wang, X. and Eustace, J.},
  title   = {Detecting overlapping communities by seed community in weighted complex networks},
  journal = {Physica A.}, 
  volume  = {392},
  year    = {2013},
  pages   = {6125-6134}
}

@ARTICLE{Fabioetal2013,
  author  = {Fabio, D. R. and Fabio, D. and Carlo, P.},
  title   = {Profiling core-periphery network structure by random walkers},
  journal = {Sci. Rep.}, 
  volume  = {3},
  year    = {2013},
  pages   = {1467}
}

@ARTICLE{Chenetal2013,
  author  = {Chen, Q. and Wu, T. T. and Fang, M.},
  title   = {Detecting local community structure in complex networks based on local degree central nodes},
  journal = {Physica A.}, 
  volume  = {392},
  year    = {2013},
  pages   = {529-537}
}

@ARTICLE{Zhangetal2007,
  author  = {Zhang, S. and Wang, R. and Zhang, X.},
  title   = {Identification of overlapping community structure in complex networks using fuzzy c-means clustering},
  journal = {Physica A.}, 
  volume  = {374},
  year    = {2007},
  pages   = {483-490}
}

@ARTICLE{Nepuszetal2008,
  author  = {Nepusz, T. and Petr\'oczi, A. and N\'egyessy, L. and Bazs\'o, F.},
  title   = {Fuzzy communities and the concept of bridgeness in complex networks},
  journal = {Phys. Rev. E.}, 
  volume  = {77},
  year    = {2008},
  pages   = {016107}
}

@ARTICLE{FabricioLiang2013,
  author  = {Fabricio, B. and Liang, Z.},
  title   = {Fuzzy community structure detection by particle competition and cooperation},
  journal = {Soft Comput.}, 
  volume  = {17},
  year    = {2013},
  pages   = {659-673}
}

@ARTICLE{Sunetal2011,
  author  = {Sun, P. and Gao, L. and Han, S.},
  title   = {Identification of overlapping and non-overlapping community structure by fuzzy clustering in complex networks},
  journal = {Inf. Sci.}, 
  volume  = {181},
  year    = {2011},
  pages   = {1060-1071}
}

@ARTICLE{Wangetal2013,
  author  = {Wang, W. and Liu, D. and Liu, X. and Pan, L.},
  title   = {Fuzzy overlapping community detection based on local random walk and multidimensional scaling},
  journal = {Physica A.}, 
  volume  = {392},
  year    = {2013},
  pages   = {6578-6586}
}

@ARTICLE{Psorakisetal2011,
  author  = {Psorakis, I. and Roberts, S. and Ebden, M. and Sheldon, B.},
  title   = {Overlapping community detection using Bayesian non-negative matrix factorization},
  journal = {Phys. Rev. E.}, 
  volume  = {83},
  year    = {2011},
  pages   = {066114}
}

@CONFERENCE{ZhangYeung2012,
  author  = {Zhang, Y. and Yeung, D.},
  title   = {Overlapping Community Detection via Bounded Nonnegative Matrix Tri-Factorization},
  booktitle = {In Proc. ACM SIGKDD Conf.}, 
  year    = {2012},
  pages   = {606-614}
}

@ARTICLE{Liu2010,
  author  = {Liu, J.},
  title   = {Fuzzy modularity and fuzzy community structure in networks},
  journal = {Eur. Phys. J. B.}, 
  volume  = {77},
  year    = {2010},
  pages   = {547-557}
}

@ARTICLE{Havensetal2013,
  author  = {Havens, T. C. and Bezdek, J. C. and Leckie, C., Ramamohanarao, K. and Palaniswami, M.},
  title   = {A Soft Modularity Function For Detecting Fuzzy Communities in Social Networks},
  journal = {IEEE Trans. Fuzzy Syst.}, 
  volume  = {21},
  year    = {2013},
  pages   = {1170-1175}
}

@misc{Newman2013,
  author = {Newman, M. E. J.},
  title  = {Network data},
  howpublished = "\url{http://www-personal.umich.edu/~mejn/netdata/}",
  year = {2013}
}

@ARTICLE{SubeljBajec2012,
  author  = {\v{S}ubelj, L. and Bajec, M.},
  title   = {Ubiquitousness of link-density and link-pattern communities in real-world networks},
  journal = {Eur. Phys. J. B.}, 
  volume  = {85},
  year    = {2012},
  pages   = {1-11}
}

@ARTICLE{Lancichinettietal2008,
  author  = {Lancichinetti, A. and Fortunato, S. and Radicchi, F.},
  title   = {Benchmark graphs for testing community detection algorithms},
  journal = {Phys. Rev. E.}, 
  volume  = {78},
  year    = {2008},
  pages   = {046110}
}

@ARTICLE{Liuetal2014,
  author  = {Liu, W. and Pellegrini, M. and Wang, X.},
  title   = {Detecting Communities Based on Network Topology},
  journal = {Sci. Rep.}, 
  volume  = {4},
  year    = {2014},
  pages   = {5739}
}

@ARTICLE{Danonetal2005,
  author  = {Danon, L. and Diaz-Guilera, A. and Duch, J. and Arenas, A.},
  title   = {Comparing community structure identification},
  journal = {J. Stat. Mech.-Theory Exp.}, 
  volume  = {},
  year    = {2005},
  pages   = {P09008}
}

@ARTICLE{Gregory2011,
  author  = {Gregory, S.},
  title   = {Fuzzy overlapping communities in networks},
  journal = {J. Stat. Mech.-Theory Exp.}, 
  volume  = {},
  year    = {2011},
  pages   = {P02017}
}

@ARTICLE{LancichinettiFortunato2009,
  author  = {Lancichinetti, A. and Fortunato, S.},
  title   = {Benchmarks for testing community detection algorithms on directed and weighted graphs with overlapping communities},
  journal = {Phys. Rev. E.}, 
  volume  = {80},
  year    = {2009},
  pages   = {016118}
}

@CONFERENCE{HullermeierRifqi2009,
  author  = {Hullermeier, E. and Rifqi, M.},
  title   = {A Fuzzy Variant of the Rand Index for Comparing Clustering Structures},
  booktitle = {in Proc. IFSA/EUSFLAT Conf.}, 
  year    = {2009},
  pages   = {1294-1298}
}
